<record><leader>00000cas a22000007a 4500</leader><controlfield tag="001">14686835</controlfield><controlfield tag="008">861107c18959999wiuwr ne      0    0eng d</controlfield><datafield ind1=" " ind2=" " tag="010"><subfield code="a">sn 86086767 </subfield></datafield><datafield ind1=" " ind2=" " tag="040"><subfield code="a">NPV</subfield><subfield code="b">eng</subfield><subfield code="c">NPV</subfield><subfield code="d">OCLCQ</subfield></datafield><datafield ind1=" " ind2=" " tag="042"><subfield code="a">msc</subfield></datafield><datafield ind1="0" ind2="4" tag="245"><subfield code="a">The Marion advertiser.</subfield></datafield><datafield ind1="3" ind2="0" tag="246"><subfield code="a">Split Rock record</subfield></datafield><datafield ind1=" " ind2=" " tag="260"><subfield code="a">Marion, Wis. :</subfield><subfield code="b">S.L. Perry,</subfield><subfield code="c">1895-</subfield></datafield><datafield ind1=" " ind2=" " tag="300"><subfield code="a">v.</subfield></datafield><datafield ind1=" " ind2=" " tag="310"><subfield code="a">Weekly</subfield></datafield><datafield ind1="0" ind2=" " tag="362"><subfield code="a">Vol. 1, no. 1 (Apr. 12, 1895)-</subfield></datafield><datafield ind1=" " ind2=" " tag="500"><subfield code="a">Publisher varies.</subfield></datafield><datafield ind1=" " ind2=" " tag="500"><subfield code="a">Added masthead: The Split Rock Record, &lt;Eighth year, no. 42 (Jan. 23, 1903)&gt;-&lt;1904&gt;.</subfield></datafield><datafield ind1=" " ind2=" " tag="525"><subfield code="a">Supplements accompany some issues.</subfield></datafield><datafield ind1=" " ind2=" " tag="752"><subfield code="a">United States</subfield><subfield code="b">Wisconsin</subfield><subfield code="c">Waupaca</subfield><subfield code="d">Marion.</subfield></datafield><datafield ind1=" " ind2=" " tag="752"><subfield code="a">United States</subfield><subfield code="b">Wisconsin</subfield><subfield code="c">Shawano</subfield><subfield code="d">Tigerton.</subfield></datafield><datafield ind1="0" ind2="5" tag="780"><subfield code="t">Tigerton chronicle</subfield><subfield code="w">(DLC)sn 85040412</subfield><subfield code="w">(OCoLC)11942203</subfield></datafield></record>